<?xml version="1.0" encoding="UTF-8"?>
<collection xmlns:xsi="http://www.w3.org/2001/XMLSchema-instance" xsi:schemaLocation="http://www.loc.gov/MARC21/slim http://www.loc.gov/standards/marcxml/schema/MARC21slim.xsd" xmlns="http://www.loc.gov/MARC21/slim">
<record>
  <leader>00863nam a22001931  4500</leader>
  <controlfield tag="001">3087650</controlfield>
  <controlfield tag="003">NNC</controlfield>
  <controlfield tag="005">20030429142358.0</controlfield>
  <controlfield tag="008">010917m19231924ua            000 0 ara d</controlfield>
  <datafield tag="035" ind1=" " ind2=" ">
    <subfield code="a">(OCoLC)ocm47977975</subfield>
  </datafield>
  <datafield tag="035" ind1=" " ind2=" ">
    <subfield code="9">ATR5127CU</subfield>
  </datafield>
  <datafield tag="040" ind1=" " ind2=" ">
    <subfield code="a">ZCU</subfield>
    <subfield code="c">ZCU</subfield>
  </datafield>
  <datafield tag="099" ind1=" " ind2=" ">
    <subfield code="a">893.799</subfield>
    <subfield code="a">J953</subfield>
  </datafield>
  <datafield tag="100" ind1="1" ind2=" ">
    <subfield code="a">Ibn Daqīq al-ʻĪd, Muḥammad ibn ʻAlī,</subfield>
    <subfield code="d">1228-1302.</subfield>
  </datafield>
  <datafield tag="245" ind1="1" ind2="0">
    <subfield code="a">Iḥkām al-aḥkām,</subfield>
    <subfield code="b">sharḥ ʻUmdat al-aḥkām [ʻan sayyid al-anām],</subfield>
    <subfield code="c">li-Taqī al-Dīn Abī al-Fatḥ al-shahīr bi-Ibn Daqīq al-ʻId; wa-huwa mā amlāhu ʻalā al-shaykh ʻImād al-Dīn al-qādī ibn al-Athīr al-Ḥalabī.</subfield>
  </datafield>
  <datafield tag="260" ind1=" " ind2=" ">
    <subfield code="a">Miṣr,</subfield>
    <subfield code="b">al-Ṭibāʻah al-Munīrīyah,</subfield>
    <subfield code="c">1342 [1923/24]</subfield>
  </datafield>
  <datafield tag="300" ind1=" " ind2=" ">
    <subfield code="a">4 v. in 2.</subfield>
  </datafield>
  <datafield tag="600" ind1="1" ind2="0">
    <subfield code="a">Jammāʻīlī, ʻAbd al-Ghanī ibn ʻAbd al-Wāḥid,</subfield>
    <subfield code="d">1146-1203.</subfield>
    <subfield code="t">Umdat al-aḥkām ʻan sayyid al-anām.</subfield>
  </datafield>
  <datafield tag="955" ind1=" " ind2=" ">
    <subfield code="b">0026816253</subfield>
    <subfield code="d">glx</subfield>
    <subfield code="e">893.799 J953</subfield>
    <subfield code="v">v.1-2</subfield>
  </datafield>
</record>
</collection>